%%%%%%%%%%%%%%%%%%%%%%%%%%%%%%%%%%%%%%%%%%%%%%%%%%%%%%%%%%%%%%%%%%%%%%%%
@string{jcam = {J. Comp. and Appl. Math.}}
@string{jpo = {J. Phys. Ocean.}}
@string{jas = {J. Atmo. Sci.}}
@string{jgr = {J. Geo. Res.}}
@string{jcp = {J. Comput. Phys.}}
@string{sirev = {SIAM Rev.}}
@string{sinum = {{SIAM} J. Numer. Anal.}}
@string{laa = "Lin. Alg. Appl."}
@string{siamss  = "SIAM J. Sci. Stat. Comput."}
@string{siamsc  = "SIAM J. Sci. Comput."}
@string{sisc  = "SIAM J. Sci. Comput."}
@string{siamna  = "SIAM J. Numer. Anal."}
@string{siamma  = "SIAM J. Math. Anal."}
@string{siammax = "SIAM J. Matrix Anal. Appl."}
@string{siamrev = "SIAM Rev."}
@string{nummath = "Numer. Math."}
@string{mathcomp = "Math. Comput."}
@string{jcphys  = "J. Comput. Phys."}
@string{jcompam = "J. Comput. Appl. Math."}
@string{jfm = "J. Fluid Mech."}
@string{ijnme   = "Int. J. Numer. Methods Eng."}
@string{ijnmf   = "Int. J. Numer. Methods Fluids"}
@string{rocky   = "The Rocky Mountain journal of Mathematics"}
@string{linalg  = "Linear Algebra and its Applications"}
@string{jima    = "J. Inst. Maths. Applics."}
@string{applmathcomp = "Applied Mathematics and Computation"}
@string{matapcomp = "Mat. Applic. Comp."}
@string{jinfprocess = "J. of Information Processing"}
@string{acmtmath = "ACM Trans. Math. Soft."}
@string{jacm = "J. ACM"}
@string{SIAM = "Society of Industrial and Applied Mathematics"}
@string{AMS = "American Mathematical Society"}
@string{amets = "American Meteorological Society"}
@string{mathcomp = "Math. Comp."}
@string{cmame = "Comput. Methods Appl. Mech. Engrg."}
@string{ast2 = "Astronomy and Astrophysics"}
@string{matmod = "Mathematical modeling and numerical 
	analysis"}
@string{lamm = "Laboratoire de math\'{e}matiques et 
	mod\'{e}lisation"}
@string{ima = "IMA J. Numer. Anal."}
@string{advfe = "Advances in Finite Element Analysis in Fluid 
	Dynamics"}
@string{theocom = "Theor. Comput. Fluid Dyn."}
@string{imcomp = "Impact of Computing in Science and 
	Engineering"}
@string{physflu = "Phys. Fluids"}
@string{compflu = "Comput. Fluids"}
@string{inmhff = "Int. J. Num. Meth. Heat Fluid Flow"}
@string {applnm = "Appl. Numer. Math."}
@string {applml = "Applied Math. Lett."}
@string {compam = "Communications on Pure and Applied Mathematics"}
@string {rechaero = "La recherche a\'{e}rospatiale"}
@string {applmath = "Applications of mathematics"}
@string {phystod = "Physics today"}
@string {aiaaj = "AIAA J."}
@string{japjam = "Japan journal of Applied Mathematics"}
@string{jjapas = "J. of the Japan Society for Aeronautical and
	Space Sciences"}
@string{tjapas = "transactions of the Japan Society for Aeronautical 
	and Space Sciences"}
@string{reveef = "Revue Europ\'{e}nne des El\'{e}ments Finis"}
@string{crasci = "C.R. Acad. Sci. Paris"}
@string{comphy = "Computers in Physics"}
@string{nusaf = "Nuclear Safety"}
@string{pnas = "Proc. Natl. Acad. Sci."}
@string{mmmas = "Math. Models Methods Appl. Sci."}
@string{cmam = "J. Comput. Methods Appl. Math."}
@string{scicomp = "J. Sci. Comput."}
@string{compmath = "J. Comput. Math."}

@book{tref00,
	author = "Trefethen, L.N.",
	title = "Spectral Methods in Matlab",
	publisher = "SIAM",
	address = "Philadelphia",
	year = "2000"}

@book{dfm02,
  title={High-order methods for incompressible fluid flow},
  author = "Deville, M.O. and Fischer, P.F. and  Mund, E.H.",
  year={2002},
  publisher={Cambridge University Press}
}

@book{forn96,
	author = "Fornberg, B.",
	title = "A practical guide to pseudospectral methods",
	publisher = "Cambridge University Press",
	address = "Cambridge",
	year = "1996"}

@inproceedings{pazner18ip,
  title={Interior penalty tensor-product preconditioners for high-order discontinuous {G}alerkin discretizations},
  author = {Pazner, W. and Persson, P.-O.},
  booktitle={2018 AIAA Aerospace Sciences Meeting},
  pages={1093},
  year={2018}
}

@article{pazner18,
	title={Approximate tensor-product preconditioners for very high order discontinuous {Galerkin} methods},
	author={Pazner, W. and Persson, P.-O.},
	journal=jcp,
   volume={354},
   pages={344--369},
	year={2018},
	publisher={Elsevier}
}

@INPROCEEDINGS{vanloan93,
	author = {Van Loan, C. and Pitsianis, N.},
	title = {Approximation with {Kronecker} Products},
	booktitle = {Linear Algebra for Large Scale and Real Time Applications},
	year = {1993},
	pages = {293--314},
	publisher = {Kluwer Publications}
}

@book{moon88,
	Author = {Moon, P. H.},
	title = {Field theory handbook: Including coordinate systems, differential equations, and their solutions},
	publisher = {Springer-Verlag},
	year = {1988},
	isbn = {0387184309}
}

@article{cooley65,
	doi       = {10.2307/2003354},
	title     = {An Algorithm for the Machine Calculation of Complex {F}ourier Series},
	author    = {Cooley, J. W.  and Tukey, J. W. },
	publisher = {American Mathematical Society},
	journal   = mathcomp,
	issn      = {0025-5718,1088-6842},
	year      = {1965},
	volume    = {19},
	issue     = {90},
	pages     = {297--301},
	url       = {http://doi.org/10.2307/2003354}
}

@article{peaceman55,
	author = {Peaceman, D. W. and Rachford, Jr., H. H.},
	title = {The Numerical Solution of Parabolic and Elliptic Differential Equations},
	journal = {J. Soc. Indust. Appl. Math.},
	volume = {3},
	number = {1},
	pages = {28-41},
	year = {1955},
	doi = {10.1137/0103003},
	
	URL = { 
	https://doi.org/10.1137/0103003
	
	},
	eprint = { 
	https://doi.org/10.1137/0103003
	
	}
}

@article{bartels72,
	author = {Bartels, R. H. and Stewart, G. W.},
	title = {{Solution of the Matrix Equation $AX + XB = C$ [F4]}},
	journal = {Commun. ACM},
	issue_date = {Sept. 1972},
	volume = {15},
	number = {9},
	year = {1972},
	issn = {0001-0782},
	pages = {820--826},
	numpages = {7},
	url = {http://doi.acm.org/10.1145/361573.361582},
	doi = {10.1145/361573.361582},
	acmid = {361582},
	publisher = {ACM},
	address = {New York, NY, USA},
	keywords = {linear algebra, linear equations, matrices},
}

@ARTICLE{golub79, 
	author={G. {Golub} and S. {Nash} and C. {Van Loan}}, 
	journal={IEEE Transactions on Automatic Control}, 
	title={A {Hessenberg-Schur} method for the problem {$AX + XB= C$}}, 
	year={1979}, 
	volume={24}, 
	number={6}, 
	pages={909-913}, 
	doi={10.1109/TAC.1979.1102170}, 
	ISSN={0018-9286}, 
}

@article{hillarlim09,
	author = {Hillar, Christopher J. and Lim, Lek-Heng},
	title = {Most Tensor Problems Are {NP}-Hard},
	journal = {J. ACM},
	issue_date = {November 2013},
	volume = {60},
	number = {6},
	year = {2013},
	issn = {0004-5411},
	pages = {45:1--45:39},
	articleno = {45},
	numpages = {39},
	url = {http://doi.acm.org/10.1145/2512329},
	doi = {10.1145/2512329},
	acmid = {2512329},
	publisher = {ACM},
	address = {New York, NY, USA},
} 

@phdthesis{couzythesis,
   title = {{Spectral element discretization of the unsteady  Navier-Stokes
      equations and its iterative solution on  parallel computers}},
	author = {Couzy, W.},
	school = {EPFL},
	address = {Lausanne},
	year = {1995},
	doi = {10.5075/epfl-thesis-1380},
}

@article{couzydeville95,
   title = {{A fast Schur complement method for the spectral element
      discretization of the incompressible Navier-Stokes equations}},
	journal = jcp,
	volume = "116",
	number = "1",
	pages = "135 - 142",
	year = "1995",
	issn = "0021-9991",
	doi = {10.1006/jcph.1995.1011},
	author = "Couzy, W. and Deville, M. O.",
}

@article{lynch64,
	author = "Lynch, R. E. and Rice, J. R. and  Thomas, D. H.",
	title =  "Direct Solution of Partial Difference Equations by Tensor Product Methods",
	journal = nummath,
	volume = "6",
	pages = "185--199",
	year =  "1964"
}

@article{haidvogel79,
	doi       = {10.1016/0021-9991(79)90097-4},
	title     = {{The accurate solution of Poisson's equation by expansion in Chebyshev polynomials}},
	author    = {Haidvogel, D. B. and Zang, T.},
	publisher = {Elsevier Science},
	journal   = jcp,
	issn      = {0021-9991,1090-2716},
	year      = {1979},
	volume    = {30},
	issue     = {2},
	pages     = {167--180},
	url       = {http://doi.org/10.1016/0021-9991%2879%2990097-4}
}

@article{sweet77,
	ISSN = {00361429},
	URL = {http://www.jstor.org/stable/2156489},
	author = {R. A. Sweet},
	journal = sinum,
	number = {4},
	pages = {706--720},
	publisher = {Society for Industrial and Applied Mathematics},
	title = {A Cyclic Reduction Algorithm for Solving Block Tridiagonal Systems of Arbitrary Dimension},
	volume = {14},
	year = {1977}
}

@article{swarztrauber74,
	ISSN = {00361429},
	URL = {http://www.jstor.org/stable/2156231},
	author = {P. N. Swarztrauber},
	journal = sinum,
	number = {6},
	pages = {1136--1150},
	publisher = {Society for Industrial and Applied Mathematics},
	title = {A Direct Method for the Discrete Solution of Separable Elliptic Equations},
	volume = {11},
	year = {1974}
}

@inproceedings{fishpack75,
author = {Swarztrauber, P. N. and Sweet, R. A.},
title = {{Efficient FORTRAN subprograms for the solution of elliptic partial differential equations.}},
year = {1975},
isbn = {9781450377935},
publisher = {Association for Computing Machinery},
address = {New York, NY, USA},
url = {https://doi.org/10.1145/800207.806417},
doi = {10.1145/800207.806417},
booktitle = {Proceedings of the SIGNUM Meeting on Software for Partial Differential Equations},
pages = {30},
numpages = {1},
location = {Moffitt Field, California, USA}
}

@article{orszag80,
	title = "Spectral methods for problems in complex geometries",
	journal = jcp,
	volume = "37",
	number = "1",
	pages = "70--92",
	year = "1980",
	issn = "0021-9991",
	doi = {10.1016/0021-9991(80)90005-4},
	author = "S. A. Orszag",
}

@article{haldenwang84,
	title = {{Chebyshev 3-D spectral and 2-D pseudospectral solvers for the Helmholtz equation}},
	journal = jcp,
	volume = "55",
	number = "1",
	pages = "115 - 128",
	year = "1984",
	issn = "0021-9991",
	doi = "https://doi.org/10.1016/0021-9991(84)90018-4",
	url = "http://www.sciencedirect.com/science/article/pii/0021999184900184",
	author = "P. Haldenwang and G. Labrosse and S. Abboudi and M. Deville",
}

@article{griebel95,
	doi       = {10.1007/bf02123478},
	title     = {Tensor product type subspace splittings and multilevel iterative methods for anisotropic problems},
	author    = {M. Griebel and P. Oswald},
	publisher = {Springer},
	journal   = {Advances in Computational Mathematics},
	issn      = {1019-7168,1572-9044},
	year      = {1995},
	volume    = {4},
	issue     = {1},
	pages     = {171--206},
	url       = {http://doi.org/10.1007/bf02123478}
}

@inproceedings{tufo99,
	title={Terascale spectral element algorithms and implementations},
	author={Tufo, H. M. and Fischer, P. F.},
	booktitle={Proceedings of the 1999 ACM/IEEE conference on Supercomputing},
	pages={68--es},
	year={1999}
}

@incollection{fischer00,
	title={{An overlapping Schwarz method for spectral element simulation of three-dimensional incompressible flows}},
	author={Fischer, P. F. and Tufo, H. M. and Miller, N. I.},
	booktitle={Parallel Solution of Partial Differential Equations},
	pages={159--180},
	year={2000},
	publisher={Springer}
}

@misc{beuchler03,
	author = {Beuchler, S.},
	title = {{Optimal preconditioners for the $p$-version of the FEM}},
	year = {2003}
}

@article{beuchler09,
	title={{Wavelet solvers for $hp$-FEM discretizations in 3D using hexahedral elements}},
	author={Beuchler, S.},
	journal=cmame,
	volume={198},
	number={13-14},
	pages={1138--1148},
	year={2009},
	publisher={Elsevier}
}

@article {beuchler12,
	author = "Beuchler, S. and Purrucker, M.",
	title = {{Schwarz type solvers for $hp$-FEM discretizations of mixed problems}},
	journal = "Computational Methods in Applied Mathematics",
	year = "2012",
	publisher = "De Gruyter",
	address = "Berlin, Boston",
	volume = "12",
	number = "4",
	pages =      "369 - 390",
	url = "https://www.degruyter.com/view/journals/cmam/12/4/article-p369.xml"
}

@article{lottes05,
	title={{Hybrid multigrid/Schwarz algorithms for the spectral element method}},
	author={Lottes, J. W. and Fischer, P. F.},
	journal={J. Sci. Comput.},
	volume={24},
	number={1},
	pages={45--78},
	year={2005},
	publisher={Springer}
}

@article{lott09,
	title={Fast Iterative Solver for Convection-Diffusion Systems with Spectral Elements},
	author={Lott, P. A. and Elman, H.},
	journal={Numerical Methods for Partial Differential Equations},
	volume={27},
	year={2009}
}

@article{lott11,
	title={{Fast iterative solver for convection-diffusion systems with spectral elements}},
	author={Lott, P. A. and Elman, H.},
	journal={Numerical Methods for Partial Differential Equations},
	volume={27},
	number={2},
	pages={231--254},
	year={2011},
	publisher={Wiley Online Library}
}

@article{diosady19,
   title = "Scalable tensor-product preconditioners for high-order
      finite-element methods: {S}calar equations",
	journal = jcp,
	volume = "394",
	pages = {759--776},
	year = "2019",
	issn = "0021-9991",
	doi = {10.1016/j.jcp.2019.04.047},
	author = "Diosady, L. T. and Murman, S. M.",
	keywords = "Discontinuous-Galerkin, Tensor-product, Preconditioning, Matrix-free, High-order",
}

@article{witte19,
  title={Fast Tensor Product {S}chwarz Smoothers for High-Order Discontinuous {G}alerkin Methods},
  author={Witte, J. and Arndt, D. and Kanschat, G.},
  journal={arXiv preprint arXiv:1910.11239},
  year={2019}
}

@article{witte20,
author = {J. Witte and D. Arndt and G. Kanschat},
doi = {10.1515/cmam-2020-0078},
title = {Fast Tensor Product {S}chwarz Smoothers for High-Order Discontinuous {G}alerkin Methods},
journal = cmam,
number = {},
volume = {},
year = {2020}
}

@article{chen2012,
	doi       = {10.1007/s11425-012-4363-5},
   title     = {{A projection method and Kronecker product preconditioner for
      solving Sylvester tensor equations}},
	author    = {Z. Chen and L. Lu},
	publisher = {SP Science China Press},
	journal   = {Science China Mathematics},
	issn      = {1674-7283,1869-1862},
	year      = {2012},
	volume    = {55},
	issue     = {6},
	pages     = {1281--1292},
	url       = {http://doi.org/10.1007/s11425-012-4363-5}
}

@article{shen00,
	title = {{A new fast Chebyshev–Fourier algorithm for Poisson-type equations in polar geometries}},
	journal = applnm,
	volume = "33",
	number = "1",
	pages = "183 - 190",
	year = "2000",
	issn = "0168-9274",
	doi = "https://doi.org/10.1016/S0168-9274(99)00082-3",
	url = "http://www.sciencedirect.com/science/article/pii/S0168927499000823",
	author = "Shen, J.",
	keywords = "Chebyshev–Fourier expansion, Polar coordinates, Spectral–Galerkin",
}

@article{shen97,
	doi       = {10.1137/s1064827595295301},
	title     = {{Efficient spectral-Galerkin methods III: polar and cylindrical geometries}},
	author    = {Shen, J.},
	publisher = {Society for Industrial and Applied Mathematics},
	journal   = siamsc,
	issn      = {1064-8275,1095-7197},
	year      = {1997},
	volume    = {18},
	issue     = {6},
	pages     = {1583--1604},
	url       = {http://doi.org/10.1137/s1064827595295301}
}

@article{silvester94,
  title={Fast iterative solution of stabilised {S}tokes systems {P}art {II}:
     using general block preconditioners},
  author={Silvester, D. and Wathen, A.},
  journal=sinum,
  volume={31},
  number={5},
  pages={1352--1367},
  year={1994},
  publisher={SIAM}
}

@article{bacuta06,
	ISSN = {00361429},
	URL = {http://www.jstor.org/stable/40232910},
	author = {Bacuta, C.},
	journal = siamna,
	number = {6},
	pages = {2633--2649},
	publisher = {Society for Industrial and Applied Mathematics},
	title = {A Unified Approach for {U}zawa Algorithms},
	volume = {44},
	year = {2006}
}

@book{uzawa58,
	title={{Studies in Non-linear Programming}},
	author={Arrow, K. J. and Hurwicz, L. and Uzawa, H.},
	year={1958},
	publisher={Stanford University Press}
}

@phdthesis{schoberl99,
  title={Robust multigrid methods for parameter dependent problems},
  author={Sch{\"o}berl, J.},
  year={1999},
  school={Johannes Kepler Universität Linz},
  address={Linz, Austria}
}

@article{bernardi87,
  title={Spectral approximation of the periodic-nonperiodic {N}avier-{S}tokes equations},
  author={Bernardi, C. and Maday, Y. and M{\'e}tivet, B.},
  journal=nummath,
  volume={51},
  number={6},
  pages={655--700},
  year={1987},
  publisher={Springer}
}

@article{maday92,
  title={The $\mathbb{P}_{N} \times \mathbb{P}_{N-2}$ method for the
     approximation of the {S}tokes problem},
  author={Maday, Y. and Patera, A. T. and R{\o}nquist, E. M.},
  journal={Laboratoire d’Analyse Num{\'e}rique, Paris VI},
  volume={11},
  number={4},
  year={1992}
}

@article{maday93,
   title={Analysis of iterative methods for the steady and unsteady {S}tokes
      problem: Application to spectral element discretizations},
	author={Maday, Y. and Meiron, D. and Patera, A. T. and R{\o}nquist, E. M.},
	journal= siamsc,
	volume={14},
	number={2},
	pages={310--337},
	year={1993},
	publisher={SIAM}
}

@book{girault79,
	title={Finite element approximation of the {N}avier-{S}tokes equations},
	author={Girault, V. and Raviart, P.-A.},
	series={Lecture Notes in Mathematics},
   publisher={Springer},
	volume={749},
	year={1979}
}

@article{babuska73,
  title={The finite element method with {L}agrangian multipliers},
  author={Babu{\v{s}}ka, I.},
  journal=nummath,
  volume={20},
  number={3},
  pages={179--192},
  year={1973},
  publisher={Springer}
}

@article{brezzi74,
author = {Brezzi, F.},
journal = {ESAIM Math. Model. Num.},
number = {R2},
pages = {129--151},
title = {On the existence, uniqueness and approximation of saddle-point problems arising from {L}agrangian multipliers},
volume = {8},
year = {1974},
}

@article{bernardi87fr,
  title={Calcul de la pression dans la r{\'e}solution spectrale du probl{\`e}me de {S}tokes},
  author={Bernardi, C. and Maday, Y. and M{\'e}tivet, B.},
  journal={La Recherche A{\'e}rospatiale},
  number={1},
  pages={1--21},
  year={1987}
}

@techreport{maday87,
author = { Maday, Y. and Patera, A. T. and Ronquist, E. M.},
title = { A well-posed optimal spectral element approximation for the {S}tokes problem},
number={NASA-CR-178343},
institution={Langley Research Center},
year = { 1987 },
}

@article{beylkin02,
  title={Numerical operator calculus in higher dimensions},
  author={Beylkin, G. and Mohlenkamp, M. J.},
  journal=pnas,
  volume={99},
  number={16},
  pages={10246--10251},
  year={2002},
  publisher={National Acad. Sciences}
}

@article{xu92,
  title={Iterative methods by space decomposition and subspace correction},
  author={Xu, J.},
  journal=sirev,
  volume={34},
  number={4},
  pages={581--613},
  year={1992},
  publisher={SIAM}
}

@article{berrut04,
  title={Barycentric {L}agrange interpolation},
  author={Berrut, J.-P. and Trefethen, L. N.},
  journal=sirev,
  volume={46},
  number={3},
  pages={501--517},
  year={2004},
  publisher={SIAM}
}

@article{robertson28,
  title={Bemerkung {\"u}ber separierbare {S}ysteme in der {W}ellenmechanik},
  author={Robertson, H. P.},
  journal={Math. Ann.},
  volume={98},
  number={1},
  pages={749--752},
  year={1928},
  publisher={Springer}
}

@article{eisenhart34,
 author = {Eisenhart, L. P.},
 journal = {Ann. Math.},
 number = {2},
 pages = {284--305},
 publisher = {Annals of Mathematics},
 title = {Separable Systems of {S}t\"ackel},
 volume = {35},
 year = {1934}
}

@article{swiry19,
author = {Świrydowicz, K. and Chalmers, N. and Karakus A. and Warburton, T.},
title ={Acceleration of tensor-product operations for high-order finite element methods},
journal = {The International Journal of High Performance Computing Applications},
volume = {33},
number = {4},
pages = {735-757},
year = {2019},
doi = {10.1177/1094342018816368},
}

@book{driscoll02, 
series={Cambridge Monographs on Applied and Computational Mathematics}, 
title={Schwarz-Christoffel Mapping},
DOI={10.1017/CBO9780511546808}, 
publisher={Cambridge University Press},
author={Driscoll, T. A. and Trefethen, L. N.},
year={2002}, 
collection={Cambridge Monographs on Applied and Computational Mathematics}
}

@article{trefethen20,
  title={Numerical conformal mapping with rational functions},
  author={Trefethen, L. N.},
  journal={Comput. Meth. and Funct. Th.},
  pages={1--19},
  year={2020},
  publisher={Springer}
}

@book{trefethen19,
  title={{Approximation Theory and Approximation Practice}},
  author={Trefethen, L. N.},
  year={2019},
  publisher={SIAM}
}

@article{kolda09,
  title={Tensor decompositions and applications},
  author={Kolda, T. G. and Bader, B. W.},
  journal=sirev,
  volume={51},
  number={3},
  pages={455--500},
  year={2009},
  publisher={SIAM}
}

@article{gander06,
  title={{Optimized Schwarz methods}},
  author={Gander, M. J.},
  journal=sinum,
  volume={44},
  number={2},
  pages={699--731},
  year={2006},
  publisher={SIAM}
}

@article{gordon73,
author = {Gordon, W. J. and Hall, C. A.},
title = {Construction of curvilinear co-ordinate systems and applications to mesh generation},
journal = {Int. J. Numer. Meth. Eng.},
volume = {7},
number = {4},
pages = {461-477},
doi = {10.1002/nme.1620070405},
url = {https://onlinelibrary.wiley.com/doi/abs/10.1002/nme.1620070405},
eprint = {https://onlinelibrary.wiley.com/doi/pdf/10.1002/nme.1620070405},
year = {1973}
}

@unpublished{xiathesis,
   title = {{A Double Landau--de Gennes Mathematical 
      Model of Smectic A Liquid Crystals}},
	author = {Xia, J.},
	school = {University of Oxford},
	address = {Oxford},
	year = {2020},
   note = "PhD thesis.",
}

@article{firedrake,
  title        = {Firedrake User Manual},
  author       = {David A. Ham and Paul H. J. Kelly and Lawrence Mitchell and Colin J. Cotter and Robert C. Kirby and Koki Sagiyama and Nacime Bouziani and Sophia Vorderwuelbecke and Thomas J. Gregory and Jack Betteridge and Daniel R. Shapero and Reuben W. Nixon-Hill and Connor J. Ward and Patrick E. Farrell and Pablo D. Brubeck and India Marsden and Thomas H. Gibson and Miklós Homolya and Tianjiao Sun and Andrew T. T. McRae and Fabio Luporini and Alastair Gregory and Michael Lange and Simon W. Funke and Florian Rathgeber and Gheorghe-Teodor Bercea and Graham R. Markall},
  organization = {Imperial College London and University of Oxford and Baylor University and University of Washington},
  edition      = {First edition},
  year         = {2023},
  month        = {5},
  doi          = {10.25561/104839},
}

@article{auricchio13,
  title={Approximation of incompressible large deformation elastic problems: some unresolved issues},
  author={Auricchio, F. and Da Veiga, L. B. and Lovadina, C. and Reali, A. and Taylor, R. L. and Wriggers, P.},
  journal={Comput. Mech.},
  volume={52},
  number={5},
  pages={1153--1167},
  year={2013},
  publisher={Springer}
}

@article{arnold05,
  title={{Quadrilateral $H$(div) finite elements}},
  author={Arnold, D. N. and Boffi, D. and Falk, R. S.},
  journal=sinum,
  volume={42},
  number={6},
  pages={2429--2451},
  year={2005},
  publisher={SIAM}
}

@article{medina20,
  title={Navigating the landscape of nonlinear mechanical metamaterials for
     advanced programmability},
  author={Medina, E. and Farrell, P. E. and Bertoldi, K. and Rycroft, C. H.},
  journal={Phys. Rev. B},
  volume={101},
  number={6},
  pages={064101},
  year={2020},
  publisher={APS}
}

@inbook{averill11,
  title={General Chemistry: Principles, Patterns, and Applications},
  author={Averill, B. and Eldredge, P.},
  chapter={11},
  year={2011},
  publisher={Saylor Academy},
}

@incollection{raviart77,
  title={A mixed finite element method for 2-nd order elliptic problems},
  author={Raviart, P.-A. and Thomas, J.-M.},
  booktitle={Mathematical aspects of finite element methods},
  pages={292--315},
  year={1977},
  publisher={Springer}
}

@article{nedelec80,
  title={Mixed finite elements in $\mathbb{R}^3$},
  author={N{\'e}d{\'e}lec, J.-C.},
  journal=nummath,
  volume={35},
  number={3},
  pages={315--341},
  year={1980},
  publisher={Springer}
}

@article{farrell16,
  title={The computation of disconnected bifurcation diagrams},
  author={Farrell, P. E. and Beentjes, C. H. L. and Birkisson, {\'A}.},
  journal={arXiv preprint arXiv:1603.00809},
  year={2016}
}

@article{farrell15,
author = {Farrell, P. E. and Birkisson, \'{A}. and Funke, S. W.},
title = {Deflation Techniques for Finding Distinct Solutions of Nonlinear Partial Differential Equations},
journal = siamsc,
volume = {37},
number = {4},
pages = {A2026-A2045},
year = {2015},
doi = {10.1137/140984798},
URL = { https://doi.org/10.1137/140984798},
eprint = { https://doi.org/10.1137/140984798},
}

@article{jensen92,
title = "$p$-version of mixed finite element methods for {S}tokes-like problems",
author = "Jensen, S.",
journal = "Comput. Method Appl. M.",
volume = "101",
number = "1",
pages = "27 - 41",
year = "1992",
issn = "0045-7825",
doi = "https://doi.org/10.1016/0045-7825(92)90013-A",
}

@article{pavarino93,
  title={Additive {S}chwarz methods for the $p$-version finite element method},
  author={Pavarino, L. F.},
  journal=nummath,
  volume={66},
  number={1},
  pages={493--515},
  year={1993},
  publisher={Springer}
}

@article{campos18,
  title={Preconditioned augmented {L}agrangian formulation for nearly
     incompressible cardiac mechanics},
  author={Campos, J. O. and dos Santos, R. W. and Sundnes, J. and Rocha, B. M.},
  journal={Int. J. Numer. Meth. Bio.},
  volume={34},
  number={4},
  pages={e2948},
  year={2018},
  publisher={Wiley Online Library}
}

@article{farrell19,
  title={An Augmented {L}agrangian Preconditioner for the 3{D} Stationary
     Incompressible {N}avier--{S}tokes Equations at High {R}eynolds Number},
  author={Farrell, P. E. and Mitchell, L. and Wechsung, F.},
  journal=siamsc,
  volume={41},
  number={5},
  pages={A3073--A3096},
  year={2019},
  publisher={SIAM}
}

@article{xia20,
  title={Augmented {L}agrangian preconditioners for the {O}seen-{F}rank model
     of cholesteric liquid crystals},
  author={Xia, J. and Farrell, P. E. and Wechsung, F.},
  journal={arXiv preprint arXiv:2004.07329},
  year={2020}
}

@article{rees20,
  title={An element-based preconditioner for mixed finite element problems},
  author={Rees, T. and Wathen, M.},
  journal=siamsc,
  year={2020}
}

@article{wathen20,
  title={A scalable approximate inverse block preconditioner for an
     incompressible magnetohydrodynamics model problem},
  author={Wathen, M. and Greif, C.},
  journal=siamsc,
  volume={42},
  number={1},
  pages={B57--B79},
  year={2020},
  publisher={SIAM}
}

@article{kanschat17,
  title={Geometric multigrid for {D}arcy and {B}rinkman models of flows in highly heterogeneous porous media: A numerical study},
  author={Kanschat, G. and Lazarov, R. and Mao, Y.},
  journal=jcam,
  volume={310},
  pages={174--185},
  year={2017},
  publisher={Elsevier}
}


@article{cockburn07,
  title={A note on discontinuous {G}alerkin divergence-free solutions of the {N}avier--{S}tokes equations},
  author={Cockburn, B. and Kanschat, G. and Sch{\"o}tzau, D.},
  journal={J. Sci. Comput.},
  volume={31},
  number={1-2},
  pages={61--73},
  year={2007},
  publisher={Springer}
}

@article{arnold82,
  title={An interior penalty finite element method with discontinuous elements},
  author={Arnold, D. N.},
  journal=sinum,
  volume={19},
  number={4},
  pages={742--760},
  year={1982},
  publisher={SIAM}
}

@article{dutt08,
  title={Preconditioners for spectral element methods for elliptic and parabolic problems},
  author={Dutt, P. and Biswas, P. and Raju, G. N.},
  journal=jcam,
  volume={215},
  number={1},
  pages={152--166},
  year={2008},
  publisher={Elsevier}
}

@book{dryja87,
title = "An additive variant of the {S}chwarz alternating method for the case of many subregions",
author = "Dryja, M. and   Widlund, O.",
year = "1987",
series = "Technical Report 339, Ultracomputer Note 131",
publisher = "Department of Computer Science, Courant Institute",
}


@article{patankar72,
title = "A calculation procedure for heat, mass and momentum transfer in three-dimensional parabolic flows",
journal = "Int. J. Heat and Mass Trans.",
volume = "15",
number = "10",
pages = "1787 - 1806",
year = "1972",
issn = "0017-9310",
author = "Patankar, S. V. and Spalding D. B.",
}


@InProceedings{treolar56,
author="Treloar, L. R. G.",
editor="Grammel, R.",
title="Large Elastic Deformations in Rubberlike Materials",
booktitle="Deformation and Flow of Solids",
year="1956",
publisher="Springer",
address="Berlin, Heidelberg",
pages="208--217",
}

@book{howell09,
  title={Applied solid mechanics},
  author={Howell, P. and Kozyreff, G. and Ockendon, J.},
  volume={43},
  year={2009},
  publisher={Cambridge University Press}
}

@article{hestenes52,
  title={Methods of conjugate gradients for solving linear systems},
  author={Hestenes, M. R. and Stiefel, E.},
  journal={J. Res. Natl. Bur. Stand.},
  volume={49},
  number={6},
  pages={409--436},
  year={1952}
}

@article{bpcg88,
 ISSN = {00255718, 10886842},
 URL = {http://www.jstor.org/stable/2007912},
 author = {Bramble, J. H. and Pasciak, J. E.},
 journal = mathcomp,
 number = {181},
 pages = {1--17},
 publisher = {American Mathematical Society},
 title = {A Preconditioning Technique for Indefinite Systems Resulting from Mixed Approximations of Elliptic Problems},
 volume = {50},
 year = {1988}
}

@article{paige75,
  title={Solution of sparse indefinite systems of linear equations},
  author={Paige, C. C. and Saunders, M. A.},
  journal=sinum,
  volume={12},
  number={4},
  pages={617--629},
  year={1975},
  publisher={SIAM}
}

@article{blaheta94,
author = {Blaheta, R.},
title = {Displacement decomposition—incomplete factorization preconditioning techniques for linear elasticity problems},
journal ={Numer. Lin. Algebra Appl.},
volume = {1},
number = {2},
pages = {107-128},
year = {1994}
}

@article{schoberl07,
  title={Symmetric indefinite preconditioners for saddle point problems with applications to {PDE}-constrained optimization problems},
  author={Sch{\"o}berl, J. and Zulehner, W.},
  journal=siammax,
  volume={29},
  number={3},
  pages={752--773},
  year={2007},
  publisher={SIAM}
}

@article{zulehner02,
  title={Analysis of iterative methods for saddle point problems: a unified approach},
  author={Zulehner, W.},
  journal=mathcomp,
  volume={71},
  number={238},
  pages={479--505},
  year={2002}
}

@article{murphy00,
  title={A note on preconditioning for indefinite linear systems},
  author={Murphy, M. F. and Golub, G. H. and Wathen, A. J.},
  journal=siamsc,
  volume={21},
  number={6},
  pages={1969--1972},
  year={2000},
  publisher={SIAM}
}

@article{axelsson78,
  title={Iterative methods for the solution of the {N}avier equations of elasticity},
  author={Axelsson, O. and Gustafsson, I.},
  journal=cmame,
  volume={15},
  number={2},
  pages={241--258},
  year={1978},
  publisher={Elsevier}
}

@phdthesis{klawonnthesis,
  title={Preconditioners for indefinite problems},
  author={Klawonn, A.},
  year={1995},
  school={Westfalische Wilhelms-Universitat M\"unster}
}

@article{pavarino98,
  title={Preconditioned mixed spectral element methods for elasticity and {S}tokes problems},
  author={Pavarino, L. F.},
  journal=siamsc,
  volume={19},
  number={6},
  pages={1941--1957},
  year={1998},
  publisher={SIAM}
}

@article{pavarino99,
  title={Iterative substructuring methods for spectral element discretizations of elliptic systems. II: Mixed methods for linear elasticity and {S}tokes flow},
  author={Pavarino, L. F. and Widlund, O. B.},
  journal=siamna,
  volume={37},
  number={2},
  pages={375--402},
  year={1999},
  publisher={SIAM}
}

@article{verfurth84,
  title={A combined conjugate gradient-multi-grid algorithm for the numerical solution of the {S}tokes problem},
  author={Verfurth, R.},
  journal=ima,
  volume={4},
  number={4},
  pages={441--455},
  year={1984},
  publisher={Oxford University Press}
}

@article{rusten92,
  title={A preconditioned iterative method for saddlepoint problems},
  author={Rusten, T. and Winther, R.},
  journal=siammax,
  volume={13},
  number={3},
  pages={887--904},
  year={1992},
  publisher={SIAM}
}

@article{klawonn98,
title = "Overlapping {S}chwarz methods for mixed linear elasticity and {S}tokes problems",
journal = cmame,
volume = "165",
number = "1",
pages = "233 - 245",
year = "1998",
issn = "0045-7825",
doi = "https://doi.org/10.1016/S0045-7825(98)00059-0",
url = "http://www.sciencedirect.com/science/article/pii/S0045782598000590",
author = "Klawonn, A. and Pavarino, L. F.",
}


@article{pavarino02,
author = {Pavarino, L. F. and Widlund, O. B.},
title = {Balancing {N}eumann-{N}eumann methods for incompressible {S}tokes equations},
journal = compam,
volume = {55},
number = {3},
pages = {302-335},
doi = {10.1002/cpa.10020},
url = {https://onlinelibrary.wiley.com/doi/abs/10.1002/cpa.10020},
eprint = {https://onlinelibrary.wiley.com/doi/pdf/10.1002/cpa.10020},
year = {2002}
}

@article{brenner14,
  title={Multigrid methods for saddle point problems: {S}tokes and {L}am{\'e} systems},
  author={Brenner, S. C. and Li, H. and Sung, L.-Y.},
  journal=nummath,
  volume={128},
  number={2},
  pages={193--216},
  year={2014},
  publisher={Springer}
}

@article{ronquist87,
  title={Spectral element multigrid. {I}. {F}ormulation and numerical results},
  author={R{\o}nquist, E. M. and Patera, A. T.},
  journal={J. Sci. Comput.},
  volume={2},
  number={4},
  pages={389--406},
  year={1987},
  publisher={Springer}
}

@article{sherwin01,
title = "Low-Energy Basis Preconditioning for Elliptic Substructured Solvers Based on Unstructured Spectral/hp Element Discretization",
journal = jcp,
volume = "171",
number = "1",
pages = {394--417},
year = "2001",
issn = "0021-9991",
doi = "https://doi.org/10.1006/jcph.2001.6805",
url = "http://www.sciencedirect.com/science/article/pii/S0021999101968056",
author = "Spencer, S. J. and Casarin, M.",
}

@article{heys05,
title = "Algebraic multigrid for higher-order finite elements",
journal = jcp,
volume = "204",
number = "2",
pages = "520 - 532",
year = "2005",
issn = "0021-9991",
doi = "https://doi.org/10.1016/j.jcp.2004.10.021",
url = "http://www.sciencedirect.com/science/article/pii/S0021999104004267",
author = "Heys, J. J. and Manteuffel, T. A. and McCormick, S. F. and Olson, L. N.",
}

@article{bello19,
  title={Scalable low-order finite element preconditioners for high-order 
     spectral element {P}oisson solvers},
  author={Bello-Maldonado, P. D. and Fischer, P. F.},
  journal=siamsc,
  volume={41},
  number={5},
  pages={S2--S18},
  year={2019},
  publisher={SIAM}
}

@article{pazner20,
  title={Efficient low-order refined preconditioners for high-order matrix-free continuous and discontinuous {G}alerkin methods},
  author={Pazner, W.},
  journal=siamsc,
  volume={42},
  number={5},
  pages={A3055--A3083},
  year={2020},
  publisher={SIAM}
}

@article{schoberl08,
  title={Additive {S}chwarz preconditioning for p-version triangular and tetrahedral finite elements},
  author={Sch{\"o}berl, J. and Melenk, J. M. and Pechstein, C. and Zaglmayr, S.},
  journal=ima,
  volume={28},
  number={1},
  pages={1--24},
  year={2008},
  publisher={Oxford University Press}
}

@article{stenberg96,
  title={Mixed $hp$ finite element methods for problems in elasticity and {S}tokes flow},
  author={Stenberg, R. and Suri, M.},
  journal=nummath,
  volume={72},
  number={3},
  pages={367--389},
  year={1996},
  publisher={Springer}
}

@article{bernardi99,
  title={Uniform inf--sup conditions for the spectral discretization of the {S}tokes problem},
  author={Bernardi, C. and Maday, Y.},
  journal=mmmas,
  volume={9},
  number={03},
  pages={395--414},
  year={1999},
  publisher={World Scientific}
}

@article{schotzau98,
  title={Mixed $hp$-{FEM} on anisotropic meshes},
  author={Sch{\"o}tzau, D. and Schwab, C.},
  journal=mmmas,
  volume={8},
  number={05},
  pages={787--820},
  year={1998},
  publisher={World Scientific}
}

@article{ainsworth00ratio,
  title={The stability of mixed $hp$-finite element methods for {S}tokes flow on high aspect ratio elements},
  author={Ainsworth, M. and Coggins, P.},
  journal=siamna,
  volume={38},
  number={5},
  pages={1721--1761},
  year={2000},
  publisher={SIAM}
}


@Article{ainsworth11,
  author    = {Ainsworth, Mark and Andriamaro, Gaelle and Davydov, Oleg},
  title     = {{Bernstein--Bézier Finite Elements of Arbitrary Order and Optimal Assembly Procedures}},
  journal   = sisc,
  year      = {2011},
  volume    = {33},
  number    = {6},
  pages     = {3087-3109},
  issn      = {1095-7197},
  doi       = {10.1137/11082539X},
  publisher = {Society for Industrial \& Applied Mathematics (SIAM)},
  url       = {https://doi.org/10.1137/11082539X},
}



@article{schotzau03,
  title={Stabilized $hp$-{DGFEM} for incompressible flow},
  author={Sch{\"o}tzau, D. and Schwab, C. and Toselli, A.},
  journal=mmmas,
  volume={13},
  number={10},
  pages={1413--1436},
  year={2003},
  publisher={World Scientific}
}

@article{toselli03,
  title={Mixed $hp$-finite element approximations on geometric edge and boundary layer meshes in three dimensions},
  author={Toselli, A. and Schwab, C.},
  journal=nummath,
  volume={94},
  number={4},
  pages={771--801},
  year={2003},
  publisher={Springer}
}

@article{taylor73,
  title={A numerical solution of the {N}avier-{S}tokes equations using the finite element technique},
  author={Taylor, C. and Hood, P.},
  journal=compflu,
  volume={1},
  number={1},
  pages={73--100},
  year={1973},
  publisher={Elsevier}
}

@article{brezzi91,
 ISSN = {00361429},
 URL = {http://www.jstor.org/stable/2157719},
 author = {Brezzi, F. and Falk, R. S.},
 journal = siamna,
 number = {3},
 pages = {581--590},
 publisher = {Society for Industrial and Applied Mathematics},
 title = {Stability of Higher-Order {H}ood-{T}aylor Methods},
 volume = {28},
 year = {1991}
}

@article{maitre96,
  title={Condition number and diagonal preconditioning: 
     comparison of the $p$-version and the spectral element methods},
  author={Maitre, J.-F. and Pourquier, O.},
  journal= nummath,
  volume={74},
  number={1},
  pages={69--84},
  year={1996},
  publisher={Springer}
}

@phdthesis{bica97,
author = {Bica, I.},
advisor = {Widlund, O. B.},
title = {Iterative Substructuring Algorithms for the $p$-Version Finite Element Method for Elliptic Problems},
year = {1997},
isbn = {0591586851},
address = {New York University, USA},
note = {AAI9808273}
}

@article{smith96,
  title={Domain decomposition: parallel multilevel methods for elliptic partial differential equations},
  author={Smith, B. F. and Bj{\o}rstad, P. E. and Gropp, W. D.},
  year={1996},
  publisher={Cambridge University Press}
}

@article{gustafsson98,
author = {Gustafsson, I. and Lindskog, G.},
title = {{On parallel solution of linear elasticity problems: Part I: theory}},
journal = {Numer. Lin. Algebra Appl.},
volume = {5},
number = {2},
pages = {123-139},
keywords = {elasticity problem, separate displacement component, preconditioned conjugate gradient method, parallel algorithm},
doi = {10.1002/(SICI)1099-1506(199803/04)5:2<123::AID-NLA130>3.0.CO;2-D},
year = {1998}
}

@article{remacle15,
  author = {Remacle, J.-F. and Gandham, R. and Warburton, T.},
  title={{GPU} accelerated spectral finite elements on all-hex meshes},
  journal=jcp,
  volume={324},
  pages={246--257},
  year={2016},
  publisher={Elsevier}
}

@article{karakus17,
author = {Karakus, A. and Chalmers, N. and Swirydowicz, K. and Warburton, T.},
year = {2017},
pages = {},
title = {{A GPU accelerated discontinuous Galerkin incompressible flow solver}},
volume = {390},
journal = jcp,
doi = {10.1016/j.jcp.2019.04.010}
}

@article{pavarino07,
  title={{Overlapping Schwarz methods for Fekete and Gauss--Lobatto spectral elements}},
  author={Pavarino, L. F. and Zampieri, E. and Pasquetti, R. and Rapetti, F.},
  journal=siamsc,
  volume={29},
  number={3},
  pages={1073--1092},
  year={2007},
  publisher={SIAM}
}

@InProceedings{stiller17,
author="Stiller, J.",
editor="Bittencourt, M. L.
and Dumont, N. A. 
and Hesthaven, J. S.",
title={{Robust multigrid for Cartesian interior penalty DG formulations of the Poisson equation in 3D}},
booktitle={{Spectral and High Order Methods for Partial Differential Equations  ICOSAHOM 2016}},
year="2017",
publisher="Springer International Publishing",
address="Cham",
pages="189--201",
isbn="978-3-319-65870-4"
}

@article{george73,
  title={Nested dissection of a regular finite element mesh},
  author={George, A.},
  journal=sinum,
  volume={10},
  number={2},
  pages={345--363},
  year={1973},
  publisher={SIAM}
}

@article{shahbazi05,
  title={An explicit expression for the penalty parameter of the interior penalty method},
  author={Shahbazi, K.},
  journal=jcp,
  volume={205},
  number={2},
  pages={401--407},
  year={2005},
  publisher={Elsevier}
}

@article{xu96,
  doi = {10.1007/bf02238513},
  year = {1996},
  publisher = {Springer Science and Business Media {LLC}},
  volume = {56},
  number = {3},
  pages = {215--235},
  author = {J. Xu},
  title = {The auxiliary space method and optimal multigrid preconditioning techniques for unstructured grids},
  journal = {Computing}
}

@article{greenbaum92,
  title={{Diagonal scalings of the Laplacian as preconditioners for other elliptic differential operators}},
  author={Greenbaum, A.},
  journal=siammax,
  volume={13},
  number={3},
  pages={826--846},
  year={1992},
  publisher={SIAM}
}

@article{concus73,
  title={Use of fast direct methods for the efficient numerical solution of nonseparable elliptic equations},
  author={Concus, P. and Golub, G. H.},
  journal=sinum,
  volume={10},
  number={6},
  pages={1103--1120},
  year={1973},
  publisher={SIAM}
}

@book{szabo91,
  title={Finite element analysis},
  author={Szab{\'o}, B. and Babu{\v{s}}ka, I.},
  year={1991},
  publisher={John Wiley \& Sons}
}

@article{deville85,
   title = {Chebyshev pseudospectral solution of second-order elliptic equations with finite element preconditioning},
   author = {Deville, M. O. and Mund, E. H.},
   journal = jcp,
   volume = {60},
   number = {3},
   pages = {517-533},
   year = {1985},
   issn = {0021-9991},
}

@article{deville90,
  title={Finite-element preconditioning for pseudospectral solutions of elliptic problems},
  author={Deville, M. O. and Mund, E. H.},
  journal=siamss,
  volume={11},
  number={2},
  pages={311--342},
  year={1990},
  publisher={SIAM}
}

@article{canuto85,
   title = {{Preconditioned minimal residual methods for Chebyshev spectral calculations}},
   author = {Canuto, C. and Quarteroni, A.},
   journal = jcp,
   volume = {60},
   number = {2},
   pages = {315-337},
   year = {1985},
   issn = {0021-9991},
}

@article{canuto94,
   title = {Stabilization of spectral methods by finite element bubble functions},
   author = {Canuto, C.},
   journal = cmame,
   volume = {116},
   number = {1},
   pages = {13-26},
   year = {1994},
   issn = {0045-7825},
   doi = {10.1016/S0045-7825(94)80004-9},
}

@article{canuto10,
   title={Finite-element preconditioning of {G-NI} spectral methods},
   author = {Canuto, C. and Gervasio, P. and Quarteroni, A.},
   journal = siamsc,
   volume = {31},
   year = {2010},
   pages = {4422-4451}
}

@article{davis08,
author = {Chen, Y. and Davis, T. A. and Hager, W. W. and Rajamanickam, S.},
title = {{Algorithm 887: CHOLMOD, Supernodal Sparse Cholesky Factorization and Update/Downdate}},
year = {2008},
issue_date = {October 2008},
publisher = {Association for Computing Machinery},
address = {New York, NY, USA},
volume = {35},
number = {3},
issn = {0098-3500},
doi = {10.1145/1391989.1391995},
journal = {ACM Trans. Math. Softw.},
articleno = {22},
numpages = {14},
keywords = {linear equations, sparse matrices, Cholesky factorization}
}

@article{axelsson09,
  title={Equivalent operator preconditioning for elliptic problems},
  author={Axelsson, O. and Kar{\'a}tson, J.},
  journal={Numer. Algorithms},
  volume={50},
  number={3},
  pages={297--380},
  year={2009},
  publisher={Springer}
}

@article{morgan75,
  title={{A nodal basis for $C^1$ piecewise polynomials of degree $n\geq 5$}},
  author={Morgan, J. and Scott, R.},
  journal=mathcomp,
  volume={29},
  number={131},
  pages={736--740},
  year={1975}
}

@book{karniadakis13,
  title={Spectral/$hp$ element methods for computational fluid dynamics},
  author={Karniadakis, G. and Sherwin, S.},
  year={2013},
  publisher={Oxford University Press}
}

@article{lanczos50,
  title={An iteration method for the solution of the eigenvalue problem of linear differential and integral operators},
  author={Lanczos, C.},
  year={1950},
  publisher={United States Governm. Press Office Los Angeles, CA}
}

@article{ainsworth00,
  title={Mixed $hp$-finite element methods for incompressible flow},
  author={Ainsworth, M. and Coggins, P. and Senior, B.},
  journal={Chapman and Hall CRC Research Notes in Mathematics},
  pages={1--20},
  year={2000},
  publisher={CRC Press}
}

@article{lederer18,
  title={{Polynomial robust stability analysis for $H(\mathrm{div})$-conforming
     finite elements for the Stokes equations}},
  author={Lederer, P. L. and Sch{\"o}berl, J.},
  journal=ima,
  volume={38},
  number={4},
  pages={1832--1860},
  year={2018},
  publisher={Oxford University Press}
}

@article{saad86,
author = {Saad, Y. and Schultz, M. H.},
title = {{GMRES}: a generalized minimal residual algorithm for solving nonsymmetric linear systems},
journal = {SIAM J. Sci. Stat. Comput.},
volume = {7},
number = {3},
pages = {856--869},
year = {1986},
doi = {10.1137/0907058}
}

@article{liang11,
title = {Hexagon-based all-quadrilateral mesh generation with guaranteed angle bounds},
journal = cmame,
volume = {200},
number = {23},
pages = {2005-2020},
year = {2011},
doi = {10.1016/j.cma.2011.03.002},
author = {X. Liang and Y. Zhang},
}

@techreport{petsc-user-ref,
  author = {Satish Balay and Shrirang Abhyankar and Mark~F. Adams and Steven Benson and Jed Brown
    and Peter Brune and Kris Buschelman and Emil Constantinescu and Lisandro Dalcin and Alp Dener
    and Victor Eijkhout and Jacob Faibussowitsch and William~D. Gropp and V\'{a}clav Hapla and Tobin Isaac and Pierre Jolivet
    and Dmitry Karpeev and Dinesh Kaushik and Matthew~G. Knepley and Fande Kong and Scott Kruger
    and Dave~A. May and Lois Curfman McInnes and Richard Tran Mills and Lawrence Mitchell and Todd Munson
    and Jose~E. Roman and Karl Rupp and Patrick Sanan and Jason Sarich and Barry~F. Smith
    and Stefano Zampini and Hong Zhang and Hong Zhang and Junchao Zhang},
  title       = {{PETSc/TAO} Users Manual},
  institution = {Argonne National Laboratory},
  number      = {ANL-21/39 - Revision 3.19},
  doi         = {10.2172/1968587},
  year        = {2023},
}

@InProceedings{petsc-efficient,
  Author = {S. Balay and W. D. Gropp and L. C. McInnes and B. F. Smith},
  Title = {Efficient Management of Parallelism in Object Oriented Numerical Software Libraries},
  Booktitle = {Modern Software Tools in Scientific Computing},
  Editor = {E. Arge and A. M. Bruaset and H. P. Langtangen},
  Pages = {163--202},
  Publisher = {Birkh{\"{a}}user Press},
  Year = {1997}
}

@Article{Dalcin2011,
  Author = {Lisandro D. Dalcin and Rodrigo R. Paz and Pablo A. Kler and Alejandro Cosimo},
  Title = {Parallel distributed computing using {P}ython},
  Journal = {Advances in Water Resources},
  Note = {New Computational Methods and Software Tools},
  Volume = {34},
  Number = {9},
  Pages = {1124--1139},
  Year = {2011},
  DOI = {http://dx.doi.org/10.1016/j.advwatres.2011.04.013}
}

@Article{Rathgeber2016,
  author =       {F. Rathgeber and D. A. Ham and L.
                  Mitchell and M. Lange and F. Luporini and
                  A. T. T. McRae and G.-T. Bercea and
                  G. R. Markall and P. H. J. Kelly},
  title =        {Firedrake: automating the finite element method by
                  composing abstractions},
  journal =      acmtmath,
  year =         2016,
  volume =       {43},
  number =       {3},
  year =         {2016},
  issn =         {0098-3500},
  pages =        {24:1--24:27},
}

@Article{Homolya2016,
  author =       {Mikl'os Homolya and David A. Ham},
  title =        {A parallel edge orientation algorithm for
                  quadrilateral meshes},
  journal =      siamsc,
  year =         2016,
  volume =       38,
  number =       5,
  pages =        {S48--S61},
  doi =          {10.1137/15M1021325},
  archiveprefix ={arXiv},
  eprint =       {1505.03357},
  primaryclass = {cs.MS},
}

@Article{McRae2016,
  author =       {Andrew T. T. McRae and Gheorghe-Teodor Bercea and
                  Lawrence Mitchell and David A. Ham and Colin
                  J. Cotter},
  title =        {Automated generation and symbolic manipulation of
                  tensor product finite elements},
  journal =      siamsc,
  year =         2016,
  volume =       38,
  number =       5,
  pages =        {S25--S47},
  doi =          {10.1137/15M1021167},
  archiveprefix ={arXiv},
  eprint =       {1411.2940},
  primaryclass = {math.NA},
}

@Article{Mitchell2016,
  author =       {Lawrence Mitchell and Eike Hermann M"uller},
  title =        {High level implementation of geometric multigrid
                  solvers for finite element problems: applications in
                  atmospheric modelling},
  journal =      {Journal of Computational Physics},
  year =         2016,
  volume =       327,
  pages =        {1--18},
  doi =          {10.1016/j.jcp.2016.09.037},
  archiveprefix ={arXiv},
  eprint =       {1605.00492},
  primaryclass = {cs.MS},
}

@Article{Kirby2017,
  author =       {R. C. Kirby and L. Mitchell},
  title =        {{Solver composition across the PDE/linear algebra
                  barrier}},
  journal =      siamsc,
  year =         2018,
  volume =       40,
  number =       1,
  pages =        {C76-C98},
  doi =          {10.1137/17M1133208},
  archiveprefix ={arXiv},
  eprint =       {1706.01346},
  primaryclass = {cs.MS},
}

@inproceedings{MaySananRuppKnepleySmith2016,
  title     = {Extreme-Scale Multigrid Components within PETSc},
  author    = {Dave A. May and Patrick Sanan and Karl Rupp and Matthew G. Knepley and Barry F. Smith},
  booktitle = {Proceedings of the Platform for Advanced Scientific Computing Conference},
  series    = {PASC '16},
  isbn      = {978-1-4503-4126-4},
  location  = {Lausanne, Switzerland},
  pages     = {5:1--5:12},
  articleno = {5},
  numpages  = {12},
  doi       = {10.1145/2929908.2929913},
  acmid     = {2929913},
  publisher = {ACM},
  address   = {New York, NY, USA},
  keywords  = {GPU, HPC, agglomeration, coarse-level solver, multigrid, parallel computing, preconditioning},
  year      = {2016}
}

@Article{kirby04,
  author =       {R. C. Kirby},
  title =        {{Algorithm 839: FIAT, a new paradigm for computing
                  finite element basis functions}},
  journal =      acmtmath,
  year =         2004,
  volume =       30,
  number =       4,
  pages =        {502-516},
  doi =          {10.1145/1039813.1039820},
}

@article{homolya18,
  title={{TSFC}: a structure-preserving form compiler},
  author={Homolya, M. and Mitchell, L. and Luporini, F. and Ham, D. A.},
  journal=siamsc,
  volume={40},
  number={3},
  pages={C401--C428},
  year={2018},
  publisher={SIAM}
}

@misc{homolya17,
  title={Exposing and exploiting structure: optimal code generation for
     high-order finite element methods},
  author={Homolya, M. and Kirby, R. C. and Ham, D. A.},
  eprint={1711.02473},
  archivePrefix={arXiv},
  primaryClass={cs.MS},
  year={2017}
}

@article{kershaw81,
  title={{Differencing of the diffusion equation in Lagrangian hydrodynamic codes}},
  author={Kershaw, D. S.},
  journal=jcp,
  volume={39},
  number={2},
  pages={375--395},
  year={1981},
  publisher={Elsevier}
}

@article{huismann19,
  title={{Scaling to the stars--a linearly scaling elliptic solver for $p$-multigrid}},
  author={Huismann, I. and Stiller, J. and Fr{\"o}hlich, J.},
  journal=jcp,
  volume={398},
  pages={108868},
  year={2019},
  publisher={Elsevier}
}

@article{mumps01,
  author = {P.~R. Amestoy and I.~S. Duff and J.-Y. L'Excellent and J. Koster},
  title = {A fully asynchronous multifrontal solver using distributed dynamic scheduling},
  journal = siammax,
  volume = {23},
  number = {1},
  pages = {15--41},
  year = {2001}
}

@article{manzanero18,
  title={{The Bassi Rebay 1 scheme is a special case of the symmetric interior penalty formulation for discontinuous Galerkin discretisations with Gauss--Lobatto points}},
  author={Manzanero, J. and Rueda-Ram{\'\i}rez, A. M. and Rubio, G. and Ferrer, E.},
  journal=jcp,
  volume={363},
  pages={1--10},
  year={2018},
  publisher={Elsevier}
}

@book{braess07,
  title={{Finite elements: Theory, fast solvers, and applications in solid mechanics}},
  author={Braess, D.},
  year={2007},
  publisher={Cambridge University Press}
}


@article{kronbichler18,
author = {Kronbichler, M. and Wall, W. A.},
title = {{A performance comparison of continuous and discontinuous Galerkin methods with fast multigrid solvers}},
journal = siamsc,
volume = {40},
number = {5},
pages = {A3423-A3448},
year = {2018},
}

@book{ciarlet02,
  title={{The finite element method for elliptic problems}},
  author={Ciarlet, P. G.},
  year={2002},
  publisher={SIAM}
}


@article{dohrmann21,
author = {Dohrmann, C. R.},
title = {{Spectral Equivalence of Low-Order Discretizations for High-Order $H(\mathrm{curl})$ and $H(\mathrm{div})$ Spaces}},
journal = siamsc,
volume = {43},
number = {6},
pages = {A3992-A4014},
year = {2021},
doi = {10.1137/21M1392115},
}

@article{arnold00,
  title={{Multigrid in $H(\mathrm{div})$ and $H(\mathrm{curl})$}},
  author={Arnold, D. N. and Falk, R. S. and Winther, R.},
  journal=nummath,
  volume={85},
  number={2},
  pages={197--217},
  year={2000},
  publisher={Springer}
}

@article{gopalakrishnan09,
  title={A convergent multigrid cycle for the hybridized mixed method},
  author={Gopalakrishnan, J. and Tan, S.},
  journal={Numer. Linear Algebra Appl.},
  volume={16},
  number={9},
  pages={689--714},
  year={2009},
  publisher={Wiley Online Library}
}

@article{dobrev19,
author = {Dobrev, V. and Kolev, T. and Lee, C. S. and Tomov, V. and Vassilevski, P. S.},
title = {{Algebraic Hybridization and Static Condensation with Application to Scalable $H(\mathrm{div})$ Preconditioning}},
journal = siamsc,
volume = {41},
number = {3},
pages = {B425-B447},
year = {2019},
doi = {10.1137/17M1132562},

URL = { 
        https://doi.org/10.1137/17M1132562
    
},
eprint = { 
        https://doi.org/10.1137/17M1132562
    
},
}


@article{marini85,
  title={{An inexpensive method for the evaluation of the solution of the lowest order Raviart--Thomas mixed method}},
  author={Marini, L. D.},
  journal=siamna,
  volume={22},
  number={3},
  pages={493--496},
  year={1985},
  publisher={SIAM}
}

@article{arnold85,
  title={Mixed and nonconforming finite element methods: implementation, postprocessing and error estimates},
  author={Arnold, D. N. and Brezzi, F.},
  journal={ESAIM: Math. Model. Numer. Anal.},
  volume={19},
  number={1},
  pages={7--32},
  year={1985},
  publisher={EDP Sciences}
}

@article{arbogast95,
  title={On the implementation of mixed methods as nonconforming methods for second-order elliptic problems},
  author={Arbogast, T. and Chen, Z.},
  journal=mathcomp,
  volume={64},
  number={211},
  pages={943--972},
  year={1995}
}


@article{chen96,
  title={Equivalence between and multigrid algorithms for mixed and nonconforming methods for second order elliptic problems},
  author={Chen, Z.},
  journal={East-West J. Numer. Math},
  volume={4},
  pages={1--33},
  year={1996},
  publisher={Citeseer}
}

@article{mardal11,
author = {Mardal, K.-A. and Winther, R.},
title = {Preconditioning discretizations of systems of partial differential equations},
journal = {Numer. Linear Algebra Appl.},
volume = {18},
number = {1},
pages = {1-40},
year = {2011}
}

@incollection{douglas76,
  title={Interior penalty procedures for elliptic and parabolic {G}alerkin methods},
  author={Douglas, J. and Dupont, T.},
  booktitle={Comput. Methods in Appl. Sci.},
  pages={207--216},
  year={1976},
  publisher={Springer}
}

@book{boffi13,
  title={Mixed finite element methods and applications},
  author={Boffi, D. and Brezzi, F. and Fortin, M.},
  volume={44},
  year={2013},
  publisher={Springer}
}

@book{arnold18,
  title={{Finite Element Exterior Calculus}},
  author={Arnold, D. N.},
  year={2018},
  publisher={SIAM}
}

@article{brubeck22,
author = {Brubeck, P. D. and Farrell, P. E.},
title = {A scalable and robust vertex-star Relaxation for high-order {FEM}},
journal = siamsc,
volume = {44},
number = {5},
pages = {A2991-A3017},
year = {2022},
doi = {10.1137/21M1444187},
}




@article{southworth22part1,
  title={{Fast Solution of Fully Implicit Runge--Kutta and Discontinuous Galerkin in Time for Numerical PDEs, Part I: the Linear Setting}},
  author={Southworth, B. S. and Krzysik, O. and Pazner, W. and Sterck, H. D.},
  journal=siamsc,
  volume={44},
  number={1},
  pages={A416--A443},
  year={2022},
  publisher={SIAM}
}

@article{southworth22part2,
  title={{Fast Solution of Fully Implicit Runge--Kutta and Discontinuous Galerkin in Time for Numerical PDEs, Part II: Nonlinearities and DAEs}},
  author={Southworth, B. S. and Krzysik, O. and Pazner, W. and Sterck, H. D.},
  journal=siamsc,
  volume={44},
  number={2},
  pages={A636--A663},
  year={2022},
  publisher={SIAM}
}

@article{irksome,
  title={{Irksome: Automating Runge--Kutta time-stepping for finite element methods}},
  author={Farrell, P. E. and Kirby, R. C. and Marchena-Menendez, J.},
  journal = acmtmath,
  volume={47},
  number={4},
  pages={1--26},
  year={2021},
  publisher={ACM New York, NY}
}

@Article{rathgeber16,
  author =       {F. Rathgeber and D. A. Ham and L.
                  Mitchell and M. Lange and F. Luporini and
                  A. T. T. McRae and G.-T. Bercea and
                  G. R. Markall and P. H. J. Kelly},
  title =        {Firedrake: automating the finite element method by
                  composing abstractions},
  journal =      acmtmath,
  year =         2016,
  volume =       {43},
  number =       {3},
  year =         {2016},
  issn =         {0098-3500},
  pages =        {24:1--24:27},
}

@article{alexander77,
  title={{Diagonally implicit Runge--Kutta methods for stiff ODEs}},
  author={Alexander, R.},
  journal=siamna,
  volume={14},
  number={6},
  pages={1006--1021},
  year={1977},
  publisher={SIAM}
}

@article{butcher63, 
   title={{Coefficients for the study of Runge-Kutta integration processes}}, 
   volume={3}, 
   DOI={10.1017/S1446788700027932}, 
   number={2}, 
   journal={Journal of the Australian Mathematical Society}, 
   publisher={Cambridge University Press}, 
   author={Butcher, J. C.}, 
   year={1963}, 
   pages={185–201}
}

@phdthesis{crouzeix75,
  title={Sur l'approximation des {\'e}quations diff{\'e}rentielles op{\'e}rationnelles lin{\'e}aires par des m{\'e}thodes de Runge-Kutta},
  author={Crouzeix, M.},
  year={1975},
  school={Universit{\'e} de Paris VI Th{\`e}se}
}

@article{mardal07,
author = { Mardal, K.‐A. and  Nilssen, T. K. and  Staff, G. A.},
title = {{Order‐Optimal Preconditioners for Implicit Runge--Kutta Schemes Applied to Parabolic PDEs}},
journal = siamsc,
volume = {29},
number = {1},
pages = {361-375},
year = {2007},
}

@article{pcpatch,
author = {Farrell, P. E. and Knepley, M. G. and Mitchell, L. and Wechsung, F.},
title = {{PCPATCH}: software for the topological construction of multigrid relaxation methods},
year = {2021},
publisher = {Association for Computing Machinery},
address = {New York, NY, USA},
volume = {47},
number = {3},
issn = {0098-3500},
doi = {10.1145/3445791},
journal = {ACM Trans. Math. Softw.},
articleno = {25},
numpages = {22},
}

@article{hairer99,
  title={{Stiff differential equations solved by Radau methods}},
  author={Hairer, E. and Wanner, G.},
  journal=jcam,
  volume={111},
  number={1-2},
  pages={93--111},
  year={1999},
  publisher={Elsevier}
}

@article{bickart77,
  title={{An efficient solution process for implicit Runge--Kutta methods}},
  author={Bickart, T. A.},
  journal=siamna,
  volume={14},
  number={6},
  pages={1022--1027},
  year={1977},
  publisher={SIAM}
}

@article{fischer98,
  title={{Projection techniques for iterative solution of $Ax= b$ with successive right-hand sides}},
  author={Fischer, P. F.},
  journal=cmame,
  volume={163},
  number={1-4},
  pages={193--204},
  year={1998},
  publisher={Elsevier}
}


@article{abu22,
  title={{Monolithic multigrid for implicit Runge-Kutta discretizations of incompressible fluid flow}},
  author={Abu-Labdeh, R. and MacLachlan, S. and Farrell, P. E.},
  journal={arXiv preprint arXiv:2202.07381},
  year={2022}
}

@article{austin21,
  title={{Initial Guesses for Sequences of Linear Systems in a GPU-Accelerated Incompressible Flow Solver}},
  author={Austin, A. P. and Chalmers, N. and Warburton, T.},
  journal=siamsc,
  volume={43},
  number={4},
  pages={C259--C289},
  year={2021},
  publisher={SIAM}
}

@incollection{hientzsch05,
  title={Domain decomposition preconditioners for spectral {N}{\'e}d{\'e}lec elements in two and three dimensions},
  author={Hientzsch, B.},
  booktitle={Domain Decomposition Methods in Science and Engineering},
  pages={597--604},
  year={2005},
  publisher={Springer}
}

@phdthesis{hientzsch01,
  title={Fast solvers and domain decomposition preconditioners for spectral element discretizations of problems in $H(\mathrm{curl})$},
  author={Hientzsch, B.},
  year={2001},
  school={New York University}
}

@article{schoberl05,
  title={High order {N}{\'e}d{\'e}lec elements with local complete sequence properties},
  author={Sch{\"o}berl, J. and Zaglmayr, S.},
  journal={COMPEL - Int. J. Comput. Math. Electr. Electron. Eng.},
  year={2005},
  publisher={Emerald Group Publishing Limited}
}

@phdthesis{zaglmayr06,
  title={High Order Finite Element Methods for Electromagnetic Field Computation.},
  author={Zaglmayr, S.},
  year={2006},
  school={Johannes Kepler University Linz}
}

@article{rana21,
author = {Masud Rana, Md. and Howle, V. E. and Long, K. and Meek, A. and Milestone, W.},
title = {{A New Block Preconditioner for Implicit Runge--Kutta Methods for Parabolic PDE Problems}},
journal = siamsc,
volume = {43},
number = {5},
pages = {S475-S495},
year = {2021},
doi = {10.1137/20M1349680},
URL = {https://doi.org/10.1137/20M1349680},
eprint = {https://doi.org/10.1137/20M1349680},
}

@article{min13,
  title={An efficient high-order time integration method for spectral-element discontinuous {G}alerkin simulations in electromagnetics},
  author={Min, M. and Fischer, P.},
  journal=scicomp,
  volume={57},
  number={3},
  pages={582--603},
  year={2013},
  publisher={Springer}
}


@article{yee66,
  title={Numerical solution of initial boundary value problems involving {M}axwell's equations in isotropic media},
  author={Yee, K.},
  journal={IEEE Trans. Antennas Propag.},
  volume={14},
  number={3},
  pages={302--307},
  year={1966},
  publisher={IEEE}
}

@article{rieben04,  
   author={Rieben, R. and White, D. and Rodrigue, G.},  
   journal={IEEE Trans. Antennas Propag.},   
   title={{High-order symplectic integration methods for finite element solutions to time dependent Maxwell equations}},   
   year={2004},  
   volume={52},  
   number={8},  
   pages={2190-2195},  
   doi={10.1109/TAP.2004.832356}
}


@article{hesthaven02,
  title={{Nodal high-order methods on unstructured grids: I. Time-domain solution of Maxwell's equations}},
  author={Hesthaven, J. S. and Warburton, T.},
  journal=jcphys,
  volume={181},
  number={1},
  pages={186--221},
  year={2002},
  publisher={Elsevier}
}

@book{hesthaven07,
  title={{Nodal discontinuous Galerkin methods: algorithms, analysis, and applications}},
  author={Hesthaven, J. S. and Warburton, T.},
  year={2007},
  publisher={Springer Science \& Business Media}
}

@article{cockburn04,
  title={{Locally divergence-free discontinuous Galerkin methods for the Maxwell equations}},
  author={Cockburn, B. and Li, F. and Shu, C.-W.},
  journal=jcphys,
  volume={194},
  number={2},
  pages={588--610},
  year={2004},
  publisher={Elsevier}
}

@book{schwab98,
  title={{$p$-and $hp$-finite element methods: Theory and applications in solid and fluid mechanics}},
  author={Schwab, C.},
  year={1998},
  publisher={Oxford University Press}
}

@article{ditzian92,
  title={{Multivariate Bernstein and Markov inequalities}},
  author={Ditzian, Z.},
  journal={J. Approx. Theory},
  volume={70},
  number={3},
  pages={273--283},
  year={1992},
  publisher={Elsevier}
}


@article{pazner22,
   author = {Pazner, Will and Kolev, Tzanio and Dohrmann, Clark R.},
   title = {{Low-Order Preconditioning for the High-Order Finite Element de Rham Complex}},
   journal = sisc,
   volume = {45},
   number = {2},
   pages = {A675-A702},
   year = {2023},
   doi = {10.1137/22M1486534},
}

@misc{phillips23,
      title={{Optimal Chebyshev Smoothers and One-sided V-cycles}}, 
      author={Malachi Phillips and Paul Fischer},
      year={2023},
      eprint={2210.03179},
      archivePrefix={arXiv},
      primaryClass={math.NA}
}

@article{thompson23,
author = {Thompson, Jeremy L. and Brown, Jed and He, Yunhui},
title = {{Local Fourier Analysis of p-Multigrid for High-Order Finite Element Operators}},
journal = sisc,
volume = {45},
number = {3},
pages = {S351-S370},
year = {2023},
doi = {10.1137/21M1431199},
}



@article{hiptmair98,
author = {Hiptmair, R.},
title = {{Multigrid Method for Maxwell's Equations}},
journal = siamna,
volume = {36},
number = {1},
pages = {204-225},
year = {1998},
doi = {10.1137/S0036142997326203},
}

@article{hiptmair07,
  title={{Nodal auxiliary space preconditioning in $H(\mathrm{curl})$ and $H(\mathrm{div})$ spaces}},
  author={Hiptmair, R. and Xu, J.},
  journal=siamna,
  volume={45},
  number={6},
  pages={2483--2509},
  year={2007},
  publisher={SIAM}
}

@incollection{falgout02,
	doi = {10.1007/3-540-47789-6_66},
	year = 2002,
	publisher = {Springer Berlin Heidelberg},
	pages = {632--641},
	author = {R. D. Falgout and U. Meier Yang},
	title = {{Hypre: A Library of High Performance Preconditioners}},
    booktitle = {Computational Science -- ICCS 2002},
    editor = {P. M. A. Sloot and A. G. Hoekstra and C. J. K. Tan and J. J. Dongarra},
	series = {Lecture Notes in Computer Science},
    volume = {2331}
}

@article{kolev09,
	doi = {10.4208/jcm.2009.27.5.013},
	year = 2009,
	volume = {27},
	number = {5},
	pages = {604--623},
	author = {T. V. Kolev and P. S. Vassilevski},
	title = {Parallel Auxiliary Space {AMG} for {$H(\mathrm{curl})$} Problems},
	journal = compmath
}

@article{kolev12,
	doi = {10.1137/110859361},
	year = 2012,
	volume = {34},
	number = {6},
	pages = {A3079--A3098},
	author = {T. V. Kolev and P. S. Vassilevski},
	title = {Parallel Auxiliary Space {AMG} Solver for {$H(\mathrm{div})$} Problems},
	journal = siamsc
}

@article{arnold15,
  title={Finite element differential forms on curvilinear cubic meshes and their approximation properties},
  author={Arnold, D. N. and Boffi, D. and Bonizzoni, F.},
  journal=nummath,
  volume={129},
  number={1},
  pages={1--20},
  year={2015},
  publisher={Springer}
}

@book{anderson99,
author = {Anderson, E. and Bai, Z. and Bischof, C. and
Blackford, S. and Demmel, J. and Dongarra, J. and
Du Croz, J. and Greenbaum, A. and Hammarling, S. and
McKenney, A. and Sorensen, D.},
title = {{LAPACK} Users' Guide},
edition = {Third},
publisher = {SIAM},
year = {1999},
address = {Philadelphia, PA},
isbn = {0-89871-447-8}
}

@book{schwedes17,
	doi = {10.1007/978-3-319-59483-5},
	year = 2017,
	publisher = {Springer},
	author = {T. Schwedes and D. A. Ham and S. W. Funke and M. D. Piggott},
	title = {Mesh Dependence in {PDE}-Constrained Optimisation}
}

@article{hiptmair06,
	doi = {10.1016/j.camwa.2006.10.008},
	year = 2006,
	volume = {52},
	number = {5},
	pages = {699--706},
	author = {R. Hiptmair},
	title = {Operator Preconditioning},
	journal = {Comput. Math. Appl.},
}

@article{pellikka13,
	doi = {10.1137/130906556},
	year = 2013,
	volume = {35},
	number = {5},
	pages = {B1195--B1214},
	author = {M. Pellikka and S. Suuriniemi and L. Kettunen and C. Geuzaine},
	title = {Homology and cohomology computation in finite element modeling},
	journal = siamsc
}

@article{egorova09,
	doi = {10.1299/jcst.3.171},
	year = 2009,
	volume = {3},
	number = {1},
	pages = {171--182},
	author = {O. Egorova and M. Savchenko and V. Savchenko and I. Hagiwara},
	title = {Topology and geometry of hexahedral complex: combined approach for hexahedral meshing},
	journal = {J. Comput. Sci. Technol.}
}

@article{logg09,
author="Logg, A.",
title="Efficient representation of computational meshes",
journal="Int. J. Comput. Sci. Eng.",
year="2009",
volume="4",
number="4",
pages="283--295",
doi="10.1504/IJCSE.2009.029164",
}

@book{munkres84,
	doi = {10.1201/9780429493911},
	year = 1984,
	publisher = {{CRC} Press},
	author = {Munkres, J. R.},
	title = {Elements of Algebraic Topology}
}

@article{knepley09,
  title={{Mesh algorithms for PDE with Sieve I: Mesh distribution}},
  author={Knepley, M. G. and Karpeev, D. A.},
  journal={Sci. Program.},
  volume={17},
  number={3},
  pages={215--230},
  year={2009},
  publisher={IOS Press}
}

@article{arnold97,
  title={Preconditioning in {$H(\text{div})$} and applications},
  author={Arnold, D. N. and Falk, R. and Winther, R.},
  journal={Math. Comput.},
  volume={66},
  number={219},
  pages={957--984},
  doi={10.1090/S0025-5718-97-00826-0},
  year={1997}
}

@article{lee07,
	doi = {10.1142/s0218202507002522},
	year = 2007,
	volume = {17},
	number = {11},
	pages = {1937--1963},
	author = {Y.-J. Lee and J. Wu and J. Xu and L. Zikatanov},
	title = {{Robust} {subspace} {correction} {methods} {for} {nearly} {singular} {systems}},
	journal = {Math. Models Methods Appl. Sci.}
}

@article{kirby10,
author = {R. C. Kirby},
title = {From functional analysis to iterative methods},
journal = sirev,
volume = {52},
number = {2},
pages = {269-293},
year = {2010},
doi = {10.1137/070706914},
}

@book{malek14,
  title={Preconditioning and the Conjugate Gradient Method in the Context of Solving PDEs},
  author={J. M\'alek and Z. Strako\v{s}},
  year={2014},
  publisher={SIAM},
  series = {SIAM Spotlights},
  volume = {1},
  isbn = {978-1-61197-383-9},
  doi = {10.1137/1.9781611973846},
}

@article{arnold88,
	doi = {10.1007/bf01395876},
	year = 1988,
	volume = {53},
	number = {1-2},
	pages = {13--30},
	author = {D. N. Arnold and R. S. Falk},
	title = {A new mixed formulation for elasticity},
	journal = numermath
}

@article{aznaran22,
author={Aznaran, F.~R.~A.~ and Farrell, P.~E.~ and Kirby, R.~C.~},
Title = {Transformations for {Piola}-mapped elements},
Year = {2023},
Journal = {SMAI Journal of Computational Mathematics},
Note = {To appear. arXiv preprint arXiv:2110.13224},
}


@article{arnold02,
	doi = {10.1007/s002110100348},
	year = 2002,
	volume = {92},
	number = {3},
	pages = {401--419},
	author = {D. N. Arnold and R. Winther},
	title = {Mixed finite elements for elasticity},
	journal = numermath
}

@article{arnold08,
	doi = {10.1090/s0025-5718-08-02071-1},
	year = 2008,
	volume = {77},
	number = {263},
	pages = {1229--1251},
	author = {D. N. Arnold and G. Awanou and R. Winther},
	title = {Finite elements for symmetric tensors in three dimensions},
	journal = {Math. Comput.}
}


@article{ashby90,
 ISSN = {00361429},
 author = {S. F. Ashby and T. A. Manteuffel and P. E. Saylor},
 journal = sinum,
 number = {6},
 pages = {1542--1568},
 publisher = {SIAM},
 title = {A Taxonomy for Conjugate Gradient Methods},
 urldate = {2022-11-07},
 volume = {27},
 year = {1990}
}

@article{baerland17,
title = {Weakly Imposed Symmetry and Robust Preconditioners for {B}iot's Consolidation Model},
author = {T. B{\ae}rland and J. J. Lee and K.-A. Mardal and R. Winther},
pages = {377--396},
volume = {17},
number = {3},
journal = cmame,
doi = {doi:10.1515/cmam-2017-0016},
year = {2017},
}

@misc{zenodo/pmg-de-rham,
   key   = {zenodo/Firedrake-20221124.0},
   title = {{Software used in `Multigrid solvers for the de Rham complex with optimal complexity in polynomial degree'}},
   year  = {2022},
   month = {Nov},
   doi   = {10.5281/zenodo.7358044},
   howpublished = {\url{https://doi.org/10.5281/zenodo.7358044}},
}

@article{dobrev06,
  title={Two-level preconditioning of discontinuous {G}alerkin approximations of second-order elliptic equations},
  author={Dobrev, V. A. and Lazarov, R. D. and Vassilevski, P. S. and Zikatanov, L. T.},
  journal={Numer. Linear Algebra Appl.},
  volume={13},
  number={9},
  pages={753--770},
  year={2006},
  publisher={Wiley Online Library}
}

@techreport{ceed21,
  title={{High-order algorithmic developments and optimizations for large-scale GPU-accelerated simulations}},
  number={{CEED-MS36}},
  author={Kolev, Tzanio and others},
  year={2021},
  institution={Lawrence Livermore National Laboratory},
  address     = {Livermore, CA},
}

@article{kolev21,
  title={Efficient exascale discretizations: High-order finite element methods},
  author={Kolev, T. and Fischer, P. and Min, M. and Dongarra, J. and Brown, J. and Dobrev, V. and Warburton, T. and Tomov, S. and Shephard, M. S. and Abdelfattah, A. and others},
  journal={Int. J. High Perform. Comput. Appl.},
  volume={35},
  number={6},
  pages={527--552},
  year={2021},
  publisher={SAGE Publications Sage UK: London, England}
}

@article{brubeck24,
  author    = {Brubeck, Pablo D. and Farrell, Patrick E.},
  title     = {{Multigrid Solvers for the de Rham Complex with Optimal Complexity in Polynomial Degree}},
  journal   = sisc,
  year      = {2024},
  volume    = {46},
  number    = {3},
  pages     = {A1549-A1573},
  issn      = {1095-7197},
  doi       = {10.1137/22M1537370},
  eprint    = {2211.14284},
  publisher = {Society for Industrial \& Applied Mathematics (SIAM)},
  url       = {https://doi.org/10.1137/22M1537370},
}

@book{brenner08,
  title={The Mathematical Theory of Finite Element Methods},
  author={Brenner, S. C. and Scott, L. R.},
  volume={15},
  series={Texts in Applied Mathematics},
  year={2008},
  edition={Third},
  publisher={Springer-Verlag New York}
}

@article{demkowicz00,
title = {{De Rham diagram for $hp$ finite element spaces}},
journal = {Computers \& Mathematics with Applications},
volume = {39},
number = {7},
pages = {29-38},
year = {2000},
issn = {0898-1221},
doi = {https://doi.org/10.1016/S0898-1221(00)00062-6},
url = {https://www.sciencedirect.com/science/article/pii/S0898122100000626},
author = {L. Demkowicz and P. Monk and L. Vardapetyan and W. Rachowicz},
}
